% Kubernetes official webpage
@article{kubernetes,
title = {Kubernetes official web},
author = {The Linux Foundation},
note = {\url{https://kubernetes.io/}, Accessed: 4.11.2024}
}

% IBM page on Kubernetes
@article{ibm-kubernetes,
title = {What is Kubernetes?},
author = {Stephanie Susnjara (IBM), Ian Smalley (IBM)},
note = {\url{https://www.ibm.com/topics/kubernetes}, Accessed: 4.11.2024}
}

% IBM page on containerization
@article{ibm-containerization,
title = {What is containerization?},
author = {Stephanie Susnjara (IBM), Ian Smalley (IBM)},
note = {\url{https://www.ibm.com/topics/containerization}, Accessed: 4.11.2024}
}